<?xml version="1.0" encoding="UTF-8"?>
<record xmlns="http://www.loc.gov/MARC21/slim" xmlns:xsi="http://www.w3.org/2001/XMLSchema-instance" xsi:schemaLocation="http://www.loc.gov/MARC21/slim http://www.loc.gov/standards/marcxml/schema/MARC21slim.xsd">
<leader>     cam a2200337 a 4500</leader>
<controlfield tag="001">001797256</controlfield>
<controlfield tag="003">NNU</controlfield>
<controlfield tag="005">19940713181853.0</controlfield>
<controlfield tag="008">870618r1984    ir           f000 0 arar</controlfield>
<datafield tag="010" ind1=" " ind2=" ">
<subfield code="a">86932076</subfield>
</datafield>
<datafield tag="035" ind1="9" ind2=" ">
<subfield code="a">NYUb10729018</subfield>
</datafield>
<datafield tag="035" ind1=" " ind2=" ">
<subfield code="a">(CStRLIN)NYUG87-B20397</subfield>
</datafield>
<datafield tag="035" ind1=" " ind2=" ">
<subfield code="a">GLIS007290182</subfield>
</datafield>
<datafield tag="041" ind1="0" ind2=" ">
<subfield code="a">araeng</subfield>
</datafield>
<datafield tag="050" ind1="0" ind2=" ">
<subfield code="a">BP194.3</subfield>
<subfield code="b">.S2313 1984</subfield>
</datafield>
<datafield tag="090" ind1=" " ind2=" ">
<subfield code="a">BP194.3</subfield>
<subfield code="b">.S2313 1984</subfield>
<subfield code="i">10/27/89 T</subfield>
<subfield code="h">09/08/89 CT</subfield>
</datafield>
<datafield tag="130" ind1="0" ind2=" ">
<subfield code="a">Ṣaḥīfah al-kāmilah.</subfield>
<subfield code="l">English &amp; Arabic.</subfield>
</datafield>
<datafield tag="245" ind1="0" ind2="3">
<subfield code="a">al-Ṣaḥīfah al-Sajjādīyah :</subfield>
<subfield code="b">al-adʻiyah al-marwīyah ʻan Zayn al-ʻĀbidīn /</subfield>
<subfield code="c">[al-mutarjim, Aḥmad al-Mūhānī].</subfield>
</datafield>
<datafield tag="260" ind1=" " ind2=" ">
<subfield code="a">Ṭihrān :</subfield>
<subfield code="b">Munaẓẓamat al-Iʻlām al-Islāmī, Qism al-ʻAlāqāt al-Dawlīyah,</subfield>
<subfield code="c">1984.</subfield>
</datafield>
<datafield tag="300" ind1=" " ind2=" ">
<subfield code="a">25, 602 p. ;</subfield>
<subfield code="c">23 cm.</subfield>
</datafield>
<datafield tag="500" ind1=" " ind2=" ">
<subfield code="a">Arabic and English on opposite pages.</subfield>
</datafield>
<datafield tag="500" ind1=" " ind2=" ">
<subfield code="a">Title on added t.p.: Imam Zain al-Abidin's al-Sahifah al-Sajjadiyyah.</subfield>
</datafield>
<datafield tag="500" ind1=" " ind2=" ">
<subfield code="a">Text has been attributed to both ʻAlī ibn Abī Ṭālib and his grandson Zayn al-ʻĀbidīn ʻAlī ibn al-Ḥusayn--Cf. Brockelmann. Gesch. d'arab. Litt., 2. Aufl., v. 1 (1943) p. 39, and Suppl., v. 1 (1937) p. 76.</subfield>
</datafield>
<datafield tag="500" ind1=" " ind2=" ">
<subfield code="a">Reprint of the 2nd ed.</subfield>
</datafield>
<datafield tag="650" ind1=" " ind2="0">
<subfield code="a">Shīʻah</subfield>
<subfield code="v">Prayers and devotions.</subfield>
</datafield>
<datafield tag="700" ind1="0" ind2=" ">
<subfield code="a">Zayn al-ʻĀbidīn ʻAlī ibn al-Ḥusayn,</subfield>
<subfield code="d">d. 710?</subfield>
</datafield>
<datafield tag="700" ind1="0" ind2=" ">
<subfield code="a">ʻAlī ibn Abī Ṭālib,</subfield>
<subfield code="c">Caliph,</subfield>
<subfield code="d">600 (ca.)-661.</subfield>
</datafield>
<datafield tag="740" ind1="0" ind2=" ">
<subfield code="a">Imam Zain al-Abidin's al-Sahifah al-Sajjadiyyah.</subfield>
</datafield>
<datafield tag="OWN" ind1=" " ind2=" ">
<subfield code="a">GENERAL</subfield>
</datafield>
<datafield tag="950" ind1=" " ind2=" ">
<subfield code="l">BMAIN</subfield>
<subfield code="h">09/08/89 C</subfield>
</datafield>
<datafield tag="955" ind1=" " ind2=" ">
<subfield code="l">BMAIN</subfield>
<subfield code="c">2</subfield>
<subfield code="r">014670437</subfield>
<subfield code="h">09/08/89 C</subfield>
</datafield>
<datafield tag="955" ind1=" " ind2=" ">
<subfield code="l">BMAIN</subfield>
<subfield code="c">1</subfield>
<subfield code="q">87-B20397-1</subfield>
<subfield code="r">014670379</subfield>
<subfield code="h">09/08/89 C</subfield>
</datafield>
<datafield tag="998" ind1=" " ind2=" ">
<subfield code="a">10/27/89</subfield>
<subfield code="t">b</subfield>
<subfield code="s">9110</subfield>
<subfield code="n">NNU</subfield>
<subfield code="w">DCLC86932076B</subfield>
<subfield code="d">06/18/87</subfield>
<subfield code="b">XXX</subfield>
<subfield code="i">891027</subfield>
<subfield code="h">890908</subfield>
<subfield code="l">NYUG</subfield>
</datafield>
<datafield tag="AVA" ind1=" " ind2=" ">
<subfield code="a">NYU50</subfield>
<subfield code="b">BOBST</subfield>
<subfield code="c">Main Collection</subfield>
<subfield code="d">BP194.3 .S2313 1984</subfield>
<subfield code="e">unavailable</subfield>
<subfield code="t">Unavailable</subfield>
<subfield code="f">1</subfield>
<subfield code="g">1</subfield>
<subfield code="h">N</subfield>
<subfield code="i">0</subfield>
<subfield code="j">MAIN</subfield>
<subfield code="k">0</subfield>
</datafield>
</record>
